<record><leader>00000cas a22000007a 4500</leader><controlfield tag="001">22711803</controlfield><controlfield tag="008">901119d189419uumauwr ne      0    0eng d</controlfield><datafield ind1=" " ind2=" " tag="010"><subfield code="a">sn 89063370 </subfield></datafield><datafield ind1=" " ind2=" " tag="040"><subfield code="a">MGN</subfield><subfield code="b">eng</subfield><subfield code="c">MGN</subfield><subfield code="d">OCLCQ</subfield></datafield><datafield ind1=" " ind2=" " tag="042"><subfield code="a">msc</subfield></datafield><datafield ind1="0" ind2="0" tag="245"><subfield code="a">Norwood advertiser. Advertiser and review.</subfield></datafield><datafield ind1="1" ind2="7" tag="246"><subfield code="a">Advertiser and review</subfield><subfield code="f">1894-Mar. 9, 1895</subfield></datafield><datafield ind1=" " ind2=" " tag="260"><subfield code="a">Norwood, Mass. :</subfield><subfield code="b">F.W. Crooker</subfield></datafield><datafield ind1=" " ind2=" " tag="300"><subfield code="a">v.</subfield></datafield><datafield ind1=" " ind2=" " tag="310"><subfield code="a">Weekly</subfield></datafield><datafield ind1="0" ind2=" " tag="362"><subfield code="a">Vol. 12, no. 8 (Dec. 29, 1894)-</subfield></datafield><datafield ind1=" " ind2=" " tag="752"><subfield code="a">United States</subfield><subfield code="b">Massachusetts</subfield><subfield code="c">Norfolk</subfield><subfield code="d">Norwood.</subfield></datafield><datafield ind1="0" ind2="0" tag="780"><subfield code="t">Advertiser and review (Norwood, Mass.)</subfield><subfield code="w">(DLC)sn 85033177</subfield></datafield></record>